%% Obtained via the getNewBibTeX script and the SPIRES biblio service

@Article{WeinbergModelOfLeptons,
     author    = "Weinberg, Steven",
     title     = "A Model of Leptons",
     journal   = "Phys. Rev. Lett.",
     volume    = "19",
     year      = "1967",
     pages     = "1264-1266",
     SLACcitation  = "%%CITATION = PRLTA,19,1264;%%"
}

@Article{GlashowPartialSymmetries,
     author    = "Glashow, S. L.",
     title     = "Partial Symmetries of Weak Interactions",
     journal   = "Nucl. Phys.",
     volume    = "22",
     year      = "1961",
     pages     = "579",
     doi       = "10.1016/0029-5582(61)90469-2"
},

% citation title from "The rise of the standard model: particle physics in the 1960s and 1970s", By Lillian Hoddeson
@Inproceedings{SalamNobelSymposium,
    author = "Salam, Abdus",
    editor = "Svartholm, Nils",
    publisher = "Almqvist \& Wiskell",
    address = "Stockholm",
    year = "1968",
    booktitle = "Elementary particle physics: relativistic groups and analyticity",
    note = "Proceedings of the eighth Nobel symposium",
    title = "Weak and electromagnetic interactions",
    pages = "367"
}

@article{Heller:1993yv,
  author         = "Heller, Urs M. and Klomfass, Markus and Neuberger,
  Herbert and Vranas, Pavlos M.",
  title          = "{Numerical analysis of the Higgs mass triviality bound}",
  journal        = "Nucl. Phys.",
  volume         = "B405",
  year           = "1993",
  pages          = "555-573",
  doi            = "10.1016/0550-3213(93)90559-8",
  eprint         = "hep-ph/9303215",
  archivePrefix  = "arXiv",
  primaryClass   = "hep-ph",
  reportNumber   = "FSU-SCRI-93-29, CU-TP-590, RU-93-06",
  SLACcitation   = "%%CITATION = HEP-PH/9303215;%%"
}

@inproceedings{TEVNPH:2012ab,
  title          = "{Combined CDF and D0 Search for Standard Model Higgs Boson Production with up to 10.0 $fb^{-1}$ of Data}",
author  = "{{TEVNPH Collaboration, CDF Collaboration, D0 Collaboration,
CDF Collaboration}}",
url            = "http://lss.fnal.gov/cgi-bin/find_paper.pl?conf-12-065",
year           = "2012",
eprint         = "1203.3774",
archivePrefix  = "arXiv",
primaryClass   = "hep-ex",
reportNumber   = "FERMILAB-CONF-12-065-E, CDF-NOTE-10806, D0-NOTE-6303",
SLACcitation   = "%%CITATION = ARXIV:1203.3774;%%"
}

@inproceedings{Renton:2004wd,
  author         = "Renton, Peter B.",
  title          = "{Electroweak fits and constraints on the Higgs mass}",
  booktitle      = "{Proceedings, 32nd International Conference on High
    Energy Physics (ICHEP 2004): Beijing, China, August 16-22,
    2004}",
year           = "2004",
pages          = "564-567",
    eprint         = "hep-ph/0410177",
    archivePrefix  = "arXiv",
    primaryClass   = "hep-ph",
    SLACcitation   = "%%CITATION = HEP-PH/0410177;%%"
}

@misc{Benedikt:823808,
  author        = "Benedikt, Michael and Collier, Paul and Mertens, V and
    Poole, John and Schindl, Karlheinz",
  title         = "{LHC Design Report}",
  publisher     = "CERN",
  address       = "Geneva",
  year          = "2004",
  howpublished  = "\url{https://cds.cern.ch/record/823808}",
}

@techreport{ATL-PHYS-PUB-2011-011,
  title         = "{Procedure for the LHC Higgs boson search combination in
    summer 2011}",
institution   = "CERN",
address       = "Geneva",
number        = "ATL-PHYS-PUB-2011-011, CMS NOTE 2011/005",
month         = "Aug",
year          = "2011",
reportNumber  = "ATL-PHYS-PUB-2011-011",
url           = "https://cds.cern.ch/record/1375842",
}

@techreport{LHCHXSWGRY4,
  author        = "Mellado Garcia, Bruce and Musella, Pasquale and Grazzini,
  Massimiliano and Harlander, Robert",
  title         = "{CERN Report 4: Part I Standard Model Predictions}",
  institution   = "CERN",
  address       = "Geneva",
  month         = "May",
  year          = "2016",
  number  = "LHCHXSWG-DRAFT-INT-2016-008",
  url ="https://cds.cern.ch/record/2150771",
}

@article{Barate:2003sz,
  title          = "{Search for the standard model Higgs boson at LEP}",
  author  = "{{OPAL Collaboration, DELPHI Collaboration, LEP Working Group for Higgs boson searches, ALEPH Collaboration, L3 Collaboration}}",
  journal        = "Phys. Lett.",
  volume         = "B565",
  year           = "2003",
  pages          = "61-75",
  doi            = "10.1016/S0370-2693(03)00614-2",
  eprint         = "hep-ex/0306033",
  archivePrefix  = "arXiv",
  primaryClass   = "hep-ex",
  reportNumber   = "CERN-EP-2003-011",
  SLACcitation   = "%%CITATION = HEP-EX/0306033;%%"
}

@article{Wu:2014vva,
  author         = "Wu, Sau Lan",
  title          = "{Brief history for the search and discovery of the Higgs particle – A personal perspective}",
  journal        = "Mod. Phys. Lett.",
  volume         = "A29",
  year           = "2014",
  number         = "09",
  pages          = "1330027",
  doi            = "10.1142/S0217732313300279",
  eprint         = "1403.4425",
  archivePrefix  = "arXiv",
  primaryClass   = "hep-ex",
  reportNumber   = "CERN-OPEN-2014-027",
  SLACcitation   = "%%CITATION = ARXIV:1403.4425;%%"
}


@manual{eightfoldway,
  Author = {Murray Gell-Mann, Yuval Ne'eman},
  Title = {The eightfold way a review, with a collection of reprints},
  Year = {1964}}

  @article{PhysRevLett.30.1343,
    title = {Ultraviolet Behavior of Non-Abelian Gauge Theories},
    author = {Gross, David J. and Wilczek, Frank},
    journal = {Phys. Rev. Lett.},
    volume = {30},
    issue = {26},
    pages = {1343--1346},
    numpages = {0},
    year = {1973},
    month = {Jun},
    publisher = {American Physical Society},
    doi = {10.1103/PhysRevLett.30.1343},
    url = {http://link.aps.org/doi/10.1103/PhysRevLett.30.1343}
  }

@article{PhysRevLett.30.1346,
  title = {Reliable Perturbative Results for Strong Interactions?},
  author = {Politzer, H. David},
  journal = {Phys. Rev. Lett.},
  volume = {30},
  issue = {26},
  pages = {1346--1349},
  numpages = {0},
  year = {1973},
  month = {Jun},
  publisher = {American Physical Society},
  doi = {10.1103/PhysRevLett.30.1346},
  url = {http://link.aps.org/doi/10.1103/PhysRevLett.30.1346}
}
@article{Han:1965pf,
  author         = "Han, M. Y. and Nambu, Yoichiro",
  title          = "{Three Triplet Model with Double SU(3) Symmetry}",
  journal        = "Phys. Rev.",
  volume         = "139",
  year           = "1965",
  pages          = "B1006-B1010",
  doi            = "10.1103/PhysRev.139.B1006",
  SLACcitation   = "%%CITATION = PHRVA,139,B1006;%%"
}

@article{Fritzsch:1973pi,
  author         = "Fritzsch, H. and Gell-Mann, Murray and Leutwyler, H.",
  title          = "{Advantages of the Color Octet Gluon Picture}",
  journal        = "Phys. Lett.",
  volume         = "B47",
  year           = "1973",
  pages          = "365-368",
  doi            = "10.1016/0370-2693(73)90625-4",
  reportNumber   = "CALT-68-409",
  SLACcitation   = "%%CITATION = PHLTA,B47,365;%%"
}

% Higgs Mechanism
@article{Englert:1964et,
  Author = {F. Englert and R. Brout},
  Doi = {10.1103/PhysRevLett.13.321},
  Journal = {Phys. Rev. Lett.},
  Pages = {321},
  Title = {Broken symmetry and the mass of gauge vector mesons},
  Volume = {13},
  Year = {1964}}

  @article{Higgs:1964ia,
    Author = {Higgs, P. W.},
    Doi = {10.1016/0031-9163(64)91136-9},
    Journal = {Phys. Lett.},
    Pages = {132},
    Title = {Broken symmetries, massless particles and gauge fields},
    Volume = {12},
    Year = {1964}}

    @article{Higgs:1964pj,
      Author = {Higgs, P. W.},
      Doi = {10.1103/PhysRevLett.13.508},
      Journal = {Phys. Rev. Lett.},
      Pages = {508},
      Title = {Broken symmetries and the masses of gauge bosons},
      Volume = {13},
      Year = {1964}}

      @article{Guralnik:1964eu,
        Author = {Guralnik, G. S. and Hagen, C. R. and Kibble, T. W. B.},
        Doi = {10.1103/PhysRevLett.13.585},
        Journal = {Phys. Rev. Lett.},
        Pages = {585},
        Title = {Global conservation laws and massless particles},
        Volume = {13},
        Year = {1964}}

        @article{Higgs:1966ev,
          Author = {Higgs, P. W.},
          Doi = {10.1103/PhysRev.145.1156},
          Journal = {Phys. Rev.},
          Pages = {1156},
          Title = {Spontaneous symmetry breakdown without massless bosons},
          Volume = {145},
          Year = {1966}}

          @article{Kibble:1967sv,
            Author = {Kibble, T. W. B.},
            Doi = {10.1103/PhysRev.155.1554},
            Journal = {Phys. Rev.},
            Pages = 1554,
            Title = {Symmetry breaking in non-{A}belian gauge theories},
            Volume = 155,
            Year = 1967
          }



@Article{Phys.Rev.D2.1285,
  author    = "Glashow, S. L. and Iliopoulos, J. and Maiani, L.",
  title     = "WEAK INTERACTIONS WITH LEPTON - HADRON SYMMETRY",
  journal   = "Phys. Rev.",
  volume    = "D2",
  year      = "1970",
  pages     = "1285-1292",
  SLACcitation  = "%%CITATION = PHRVA,D2,1285;%%"
}

@Article{hep-ph/0410370,
  author    = "Willenbrock, Scott",
  title     = "Symmetries of the standard model",
  year      = "2004",
  eprint    = "hep-ph/0410370",
  SLACcitation  = "%%CITATION = HEP-PH 0410370;%%"
}

@article{ refId0,
  author = {{Planck Collaboration}},
  title = {Planck 2013 results. I. Overview of products
    and scientific results},
  DOI= "10.1051/0004-6361/201321529",
  url= "http://dx.doi.org/10.1051/0004-6361/201321529",
  journal = {Astronom. and Astrophys.},
  year = 2014,
  volume = 571,
  pages = "A1",
  month = "",
}

@article{Zwicky:1933gu,
  author         = "Zwicky, F.",
  title          = "{Die Rotverschiebung von extragalaktischen Nebeln}",
  journal        = "Helv. Phys. Acta",
  volume         = "6",
  year           = "1933",
  pages          = "110-127",
  SLACcitation   = "%%CITATION = HPACA,6,110;%%"
}


@article{Freese:2008cz,
  author         = "Freese, Katherine",
  title          = "{Review of Observational Evidence for Dark Matter in the
    Universe and in upcoming searches for Dark Stars}",
booktitle      = "{Proceedings, Dark Energy and Dark Matter: Observations
  Experiments and Theories}",
journal        = "EAS Publ. Ser.",
volume         = "36",
year           = "2009",
pages          = "113-126",
doi            = "10.1051/eas/0936016",
eprint         = "0812.4005",
archivePrefix  = "arXiv",
primaryClass   = "astro-ph",
SLACcitation   = "%%CITATION = ARXIV:0812.4005;%%"
}

@article{1538-4357-648-2-L109,
  author={Douglas Clowe and Maruša Bradač and Anthony H. Gonzalez and Maxim Markevitch and Scott W. Randall and Christine
    Jones and Dennis Zaritsky},
  title={A Direct Empirical Proof of the Existence of Dark Matter},
  journal={Astrophys. J. Lett.},
  volume={648},
  number={2},
  pages={L109},
  url={http://stacks.iop.org/1538-4357/648/i=2/a=L109},
  year={2006},
}

% LHC
@Article{Brianti:2004qq,
  author    = "Brianti, G.",
  title     = "The Large Hadron Collider project: Historical account",
  journal   = "Phys. Rept.",
  volume    = "403-404",
  year      = "2004",
  pages     = "349-364",
  SLACcitation  = "%%CITATION = PRPLC,403-404,349;%%"
}

% Detector 
@article{trackerperformance,
  author = {{Tricomi, Alessia}},
  title = {Performances of the ATLAS and CMS silicon tracker},
  journal = {Eur. Phys. J. },
  volume = {C33},
  year = {2004},
  pages = "s1023-s1025",
  DOI= "10.1140/epjcd/s2004-03-1801-1",
}
@article{trackerperformance2014,
  author         = "Chatrchyan, Serguei and others",
  title          = "{Description and performance of track and primary-vertex
    reconstruction with the CMS tracker}",
collaboration  = "CMS",
journal        = "JINST",
volume         = "9",
year           = "2014",
number         = "10",
pages          = "P10009",
doi            = "10.1088/1748-0221/9/10/P10009",
eprint         = "1405.6569",
archivePrefix  = "arXiv",
primaryClass   = "physics.ins-det",
reportNumber   = "CMS-TRK-11-001, CERN-PH-EP-2014-070",
SLACcitation   = "%%CITATION = ARXIV:1405.6569;%%"
}


@article{Abdullin:2009zz,
  author         = "Abdullin, S. and others",
  title          = "{The CMS barrel calorimeter response to particle beams
    from 2-GeV/c to 350-GeV/c}",
collaboration  = "CMS",
journal        = "Eur. Phys. J.",
volume         = "C60",
year           = "2009",
pages          = "359-373",
doi            = "10.1140/epjc/s10052-009-0959-5,
10.1140/epjc/s10052-009-1024-0",
note           = "[Erratum: Eur. Phys. J. C61, (2009) 353]",
reportNumber   = "FERMILAB-PUB-08-661-E-PPD, CERN-CMS-NOTE-2008-034",
SLACcitation   = "%%CITATION = EPHJA,C60,359;%%"
}

@book{Bayatian:922757,
  title         = "{CMS Physics: Technical Design Report Volume 1: Detector
    Performance and Software}",
publisher     = "CERN",
collaboration = "CMS",
address       = "Geneva",
series        = "Technical Design Report CMS",
year          = "2006",
url           = "https://cds.cern.ch/record/922757",
}


@article{pdg,
  author         = "Olive, K. A. and others",
  title          = "{Review of Particle Physics}",
  collaboration  = "Particle Data Group",
  journal        = "Chin. Phys.",
  volume         = "C38",
  year           = "2014",
  pages          = "090001",
  doi            = "10.1088/1674-1137/38/9/090001",
  SLACcitation   = "%%CITATION = CHPHD,C38,090001;%%"
}


@misc{CMS-DP-2012-022,
  title         = "{Data Parking and Data Scouting \\ at the CMS Experiment}",
  collaboration = "CMS",
  month         = "Sep",
  year          = "2012",
  note  = "CMS-DP-2012-022",
  howpublished  = "\url{https://cds.cern.ch/record/1480607}",
}

@misc{CMS-DP-2015-063,
  title         = "{History of ECAL response with laser data}",
  collaboration = "CMS",
  month         = "Dec",
  year          = "2015",
  note  = "CMS-DP-2015-063",
  howpublished  = "\url{https://cds.cern.ch/record/2115434}",
}

@article{Chatrchyan:1704291,
  title         = "{Description and performance of track and primary-vertex
    reconstruction with the CMS tracker}",
journal       = "J. Instrum.",
collaboration = "CMS",
number        = "arXiv:1405.6569. CERN-PH-EP-2014-070. CMS-TRK-11-001",
volume        = "9",
pages         = "P10009. 80 p",
month         = "May",
year          = "2014",
reportNumber  = "arXiv:1405.6569",
url           = "http://cds.cern.ch/record/1704291",
}

% tracks
@article{1748-0221-9-10-P10009,
  collaboration={CMS},
  title={Description and performance of track and primary-vertex reconstruction with the CMS tracker},
  journal={J. Instrum.},
  volume={9},
  number={10},
  pages={P10009},
  url={http://stacks.iop.org/1748-0221/9/i=10/a=P10009},
  year={2014},
}

% vertices
@article{Adam:2005cg,
  Author = {Adam, W. and Mangano, B. and Speer, T. and Todorov, T.},
  Date-Added = {2014-04-14 14:15:12 +0000},
  Date-Modified = {2014-04-14 21:57:20 +0000},
  Journal = {CMS Note},
  Keywords = {Tracking},
  Reportnumber = {CERN-CMS-NOTE-2006-041,
    CMS-NOTE-2006-041},
  Slaccitation = {%%CITATION = CERN-CMS-NOTE-2006-041
    ETC.;%%},
  Title = {{Track reconstruction in the CMS
    tracker}},
  Volume = {CMS-NOTE-2006-041},
  Year = {2005}
}

@article{DetAnnealing,
  Author = {K. Rose},
  Date-Added = {2014-02-19 18:54:58 +0000},
  Date-Modified = {2014-02-19 18:55:16 +0000},
  Journal = {Proc. IEEE},
  Keywords = {HTTCited,ObjOther},
  Pages = {2210},
  Title = {{Deterministic Annealing for Clustering,
    Compression, Classification, Regression, and related
      Optimization Problems}},
  Url={http://ieeexplore.ieee.org/xpls/abs_all.jsp?arnumber=726788&tag=1},
  Volume = {86},
  Year = {1998}
}

@article{CMS-PAS-TRK-10-005,
  Collaboration = {CMS},
  Date-Added = {2014-04-08 14:10:21 +0000},
  Date-Modified = {2014-05-18 19:03:39 +0000},
  Journal = {CMS Physics Analysis Summary},
  Keywords = {CMSOther,Tracking},
  Title = {{Tracking and Primary Vertex Results in First 7 TeV Collisions}},
  Type = {CMS Physics Analysis Summary},
  Url = {http://cds.cern.ch/record/1279383},
  Volume = {CMS-PAS-TRK-10-005},
  Year = {2010}
}

@article{adaptivevertex,
  Author = {Fruhwirth, R. and Waltenberger, W. and Vanlaer, P.},
  Date-Added = {2014-04-14 14:40:07 +0000},
  Date-Modified = {2014-04-26 15:47:38 +0000},
  Doi = {10.1088/0954-3899/34/12/N01},
  Journal = {J. Phys.},
  Keywords = {Tracking},
  Pages = {N343},
  Reportnumber = {CERN-CMS-NOTE-2007-008,
    CMS-NOTE-2007-008},
  Slaccitation = {%%CITATION =
    JPHGB,G34,N343;%%},
  Title = {{Adaptive vertex fitting}},
  Volume = {G34},
  Year = {2007}
}

% electrons
@article{CMS-PAS-EGM-10-004,
  Collaboration = {CMS},
  Date-Added = {2014-04-09 14:36:41 +0000},
  Date-Modified = {2014-05-18 19:03:43 +0000},
  Journal = {{CMS Physics Analysis Summary}},
  Keywords = {CMSOther,EGamma},
  Title = {{Electron reconstruction and identification at
    $\sqrt{s}$ = 7 TeV}},
  Type = {CMS Physics Analysis Summary},
  Url = {http://cds.cern.ch/record/1299116},
  Volume = {CMS-PAS-EGM-10-004},
  Year = {2010}
}

@article{CMS-PAS-EGM-14-001,
  author         = "Khachatryan, Vardan and others",
  title          = "{Performance of photon reconstruction and identification 
    with the CMS detector in proton-proton collisions at 
    $\sqrt{s} = 8$\TeV}",
collaboration  = "CMS",
journal        = "JINST",
volume         = "10",
pages          = "P08010",
doi            = "10.1088/1748-0221/10/08/P08010",
year           = "2015",
eprint         = "1502.02702",
archivePrefix  = "arXiv",
primaryClass   = "physics.ins-det",
reportNumber   = "CMS-EGM-14-001, CERN-PH-EP-2015-006",
SLACcitation   = "%%CITATION = ARXIV:1502.02702;%%",
}

@article{ElectronReco,
  Author = {Meschi, Emilio and Monteiro, T. and Seez, Christopher and Vikas,
    Pratibha},
  Date-Added = {2014-04-09 14:35:03 +0000},
  Date-Modified = {2014-04-14 21:58:23 +0000},
  Journal = {CMS Note},
  Keywords = {CMSOther,EGamma},
  Reportnumber = {CMS-NOTE-2001-034,
    CERN-CMS-NOTE-2001-034},
  Slaccitation = {%%CITATION = CMS-NOTE-2001-034
    ETC.;%%},
  Title = {{Electron Reconstruction in the CMS
    Electromagnetic Calorimeter}},
  Volume = {CMS-NOTE-2001-034},
  Year = {2001}
}

@article{GSFalgorithm,
  Author = {Adam, Wolfgang and Fr{\"u}hwirth, R. and Strandlie, Are and Todor,
    T.},
  Date-Added = {2014-04-14 15:05:19 +0000},
  Date-Modified = {2014-04-14 21:59:06 +0000},
  Journal = {CMS Note},
  Keywords = {EGamma},
  Reportnumber = {CMS-NOTE-2005-001,
    CERN-CMS-NOTE-2005-001},
  Slaccitation = {%%CITATION = CMS-NOTE-2005-001
    ETC.;%%},
  Title = {{Reconstruction of Electrons with the
    Gaussian-Sum Filter in the CMS Tracker at the
      LHC}},
  Volume = {CMS-NOTE-2005-001},
  Year = {2005}
}

@article{Baffioni:2006cd,
  Author = {Baffioni, S. and Charlot, C. and Ferri, F. and Futyan, D. and
    Meridiani, P. and others},
  Date-Added = {2014-04-09 15:25:51 +0000},
  Date-Modified = {2014-04-26 15:48:14 +0000},
  Doi = {10.1140/epjc/s10052-006-0175-5},
  Journal = {Eur. Phys. J.},
  Keywords = {CMSOther,EGamma},
  Pages = {1099-1116},
  Reportnumber = {CERN-CMS-NOTE-2006-040},
  Slaccitation = {%%CITATION = EPHJA,C49,1099;%%},
  Title = {{Electron reconstruction in CMS}},
  Volume = {C49},
  Year = {2007}
}

@article{1748-0221-10-06-P06005,
  collaboration={CMS},
  title={Performance of electron reconstruction and selection with the CMS detector in proton-proton collisions at $\sqrt{s} = 8\,TeV$},
  journal={J. Instrum.},
  volume={10},
  number={06},
  pages={P06005},
  url={http://stacks.iop.org/1748-0221/10/i=06/a=P06005},
  year={2015},
}

@article{TMVA,
  Archiveprefix = {arXiv},
  Author = {Hocker, Andreas and Stelzer, J. and Tegenfeldt, F. and Voss,
    H. and Voss, K. and others},
  Date-Added = {2014-05-15 19:33:28 +0000},
  Date-Modified = {2014-05-15 19:33:28 +0000},
  Eprint = {physics/0703039},
  Journal = {PoS},
  Pages = {040},
  Primaryclass = {PHYSICS},
  Reportnumber = {CERN-OPEN-2007-007},
  Slaccitation = {%%CITATION = PHYSICS/0703039;%%},
  Title = {{TMVA - Toolkit for Multivariate Data Analysis}},
  Volume = {ACAT},
  Year = {2007}
}


@article{MuonReco,
  Archiveprefix = {arXiv},
  Author = {Chatrchyan, Serguei and others},
  Collaboration = {CMS},
  Date-Added = {2014-04-10 15:09:50 +0000},
  Date-Modified = {2014-05-18 19:03:44 +0000},
  Doi = {10.1088/1748-0221/7/10/P10002},
  Eprint = {1206.4071},
  Journal = {JINST},
  Keywords = {CMSOther,Muon},
  Pages = {P10002},
  Primaryclass = {physics.ins-det},
  Reportnumber = {CMS-MUO-10-004,
    CERN-PH-EP-2012-173},
  Slaccitation = {%%CITATION = ARXIV:1206.4071;%%},
  Title = {{Performance of CMS muon reconstruction in $pp$ collision events at $\sqrt{s}=7$ TeV}},
  Volume = {7},
  Year = {2012}
}

@article{CMS-PAS-PFT-10-001,
  Collaboration = {CMS},
  Date-Added = {2014-05-17 10:14:21 +0000},
  Date-Modified = {2014-05-18 19:03:41 +0000},
  Journal = {{CMS Physics Analysis Summary}},
  Keywords = {PF},
  Title = {{ Commissioning of the Particle-flow Event
    Reconstruction with the first LHC collisions recorded in
      the CMS detector}},
  Url = {http://cds.cern.ch/record/1247373},
  Volume = {CMS-PAS-PFT-10-001},
  Year = {2010}
}
@article{CMS-PAS-PFT-10-002,
  Collaboration = {CMS},
  Date-Added = {2011-06-04 19:36:45 +0200},
  Date-Modified = {2014-05-18 19:03:40 +0000},
  Journal = {{CMS Physics Analysis Summary}},
  Keywords = {CMSOther,PF},
  Title = {{Commissioning of the Particle-Flow
    reconstruction in Minimum-Bias and Jet Events from pp
      Collisions at 7 TeV}},
  Type = {CMS Physics Analysis Summary},
  Url = {http://cdsweb.cern.ch/record/1279341},
  Volume = {CMS-PAS-PFT-10-002},
  Year = {2010}
}

@article{CMS-PAS-PFT-09-001,
  Author = {{CMS Collaboration}},
  Collaboration = {CMS},
  Date-Added = {2011-06-04 19:35:58 +0200},
  Date-Modified = {2014-05-18 19:03:41 +0000},
  Journal = {{CMS Physics Analysis Summary}},
  Keywords = {CMSOther,PF},
  Title = {{Particle-Flow Event Reconstruction in CMS
    and Performance for Jets, Taus, and MET}},
  Type = {CMS Physics Analysis Summary},
  Url = {http://cdsweb.cern.ch/record/1194487},
  Volume = {CMS-PAS-PFT-09-001},
  Year = {2009}
}

@article{Cacciari:fastjet1,
  Archiveprefix = {arXiv},
  Author = {Cacciari, Matteo and Salam, Gavin P. and Soyez, Gregory},
  Date-Added = {2014-02-19 19:00:39 +0000},
  Date-Modified = {2014-04-03 11:02:52 +0000},
  Doi = {10.1140/epjc/s10052-012-1896-2},
  Eprint = {1111.6097},
  Journal = {Eur. Phys. J. },
  Keywords = {HTTCited,ObjOther,Jets},
  Pages = {1896},
  Primaryclass = {hep-ph},
  Reportnumber = {CERN-PH-TH-2011-297},
  Slaccitation = {%%CITATION = ARXIV:1111.6097;%%},
  Title = {{FastJet User Manual}},
  Volume = {C72},
  Year = {2012}
}

@article{ARTICLE:CMSAN-14-227,
  author         = "{N. Saoulidou and E. Tziaferi}",
  title          = "Performance of the Particle-Flow jet identification criteria using proton-proton collisions at 8 TeV",
  journal        = "CMS Analysis Note",
  year           = "2014",
  volume   = "CMS AN-14-227"
}

@article{ARTICLE:CMSAN-12-403,
  author         = "{R. Aggleton, C. Asawatangtrakuldee, J. Brooke, O. Buchmueller, D. Colling, G. Davies, P. Dunne, S. Kumar, Q. Li, A. Magnan, K. Mazumdar, A. Nikitenko, J. Pela, P. Srimanobhas, D. Wang}",
  title          = "Search for an Invisible Higgs Boson",
  journal        = "CMS Analysis Note",
  year           = "2012",
  volume   = "CMS AN-12-403"
}

@article{ARTICLE:CMSAN-14-243,
  author         = "{C. Asawatangtrakuldee, J. Brooke, D. Colling, G. Davies, P. Dunne, A. Magnan, A. Nikitenko, J. Pela}",
  title          = "Search for a Higgs boson decaying to invisible final states",
  journal        = "CMS Analysis Note",
  year           = "2012",
  volume   = "CMS AN-14-243"
}

@article{CMS-JME-10-011,
  Archiveprefix = {arXiv},
  Author = {Chatrchyan, Serguei and others},
  Collaboration = {CMS},
  Date-Added = {2014-02-19 19:21:53 +0000},
  Date-Modified = {2014-04-03 11:02:11 +0000},
  Doi = {10.1088/1748-0221/6/11/P11002},
  Eprint = {1107.4277},
  Journal = {JINST},
  Keywords = {HTTCited,CMSOther,Jets},
  Pages = {11002},
  Primaryclass = {physics.ins-det},
  Title = {Determination of jet energy calibration and transverse momentum resolution in {CMS}},
  Volume = {6},
  Year = {2011}
}

@article{cmsEcalCalibration,
  author         = "Chatrchyan, Serguei and others",
  title          = "{Energy Calibration and Resolution of the CMS
    Electromagnetic Calorimeter in $pp$ Collisions at
    $\sqrt{s} = 7$ TeV}",
collaboration  = "CMS",
journal        = "JINST",
volume         = "8",
year           = "2013",
pages          = "P09009",
doi            = "10.1088/1748-0221/8/09/P09009",
note           = "[JINST8,9009(2013)]",
eprint         = "1306.2016",
archivePrefix  = "arXiv",
primaryClass   = "hep-ex",
reportNumber   = "CMS-EGM-11-001, CERN-PH-EP-2013-097",
SLACcitation   = "%%CITATION = ARXIV:1306.2016;%%"
}



@article{Abe:1992sj,
  Author = {Abe, F. and others},
  Collaboration = {CDF},
  Date-Added = {2014-04-14 19:30:52 +0000},
  Date-Modified = {2014-05-18 19:04:07 +0000},
  Doi = {10.1103/PhysRevLett.69.2896},
  Journal = {Phys. Rev. Lett.},
  Keywords = {Jets},
  Pages = {2896-2900},
  Reportnumber = {FERMILAB-PUB-92-182-E,
    ANL-HEP-PR-93-17},
  Slaccitation = {%%CITATION = PRLTA,69,2896;%%},
  Title = {{The Dijet angular distribution in $p\bar{p}$ collisions at $\sqrt{s} = 1.8$ TeV}},
  Volume = {69},
  Year = {1992}
}

@article{bjets,
  Archiveprefix = {arXiv},
  Author = {The CMS collaboration},
  Collaboration = {CMS},
  Date-Added = {2014-01-25 14:33:17 +0000},
  Date-Modified = {2014-05-18 19:03:37 +0000},
  Doi = {10.1088/1748-0221/8/04/P04013},
  Eprint = {1211.4462},
  Journal = {JINST},
  Keywords = {CMSOther},
  Pages = {P04013},
  Primaryclass = {hep-ex},
  Slaccitation = {%%CITATION = ARXIV:1211.4462;%%},
  Title = {{Identification of b-quark jets with the CMS experiment}},
  Url = {http://stacks.iop.org/1748-0221/8/i=04/a=P04013},
  Volume = {8},
  Year = {2013}
}

@article{CMS-PAS-JME-12-002,
  Collaboration = {CMS},
  Date-Added = {2014-01-25 12:33:16 +0000},
  Date-Modified = {2014-05-18 19:03:41 +0000},
  Journal = {{CMS Physics Analysis Summary}},
  Keywords = {HTTCited,CMSOther,MET},
  Title = {{Performance of Missing Transverse Momentum
    Reconstruction Algorithms in Proton-Proton Collisions at
      $\sqrt{s}$ = 8 TeV with the CMS Detector}},
  Url = {http://cds.cern.ch/record/1543527},
  Volume = {CMS-PAS-JME-12-002},
  Year = {2013}
}

@article{CMS-PAS-TAU-11-001,
  Archiveprefix = {arXiv},
  Author = {{CMS Collaboration}},
  Date-Added = {2014-02-19 18:50:14 +0000},
  Date-Modified = {2014-02-19 18:50:30 +0000},
  Doi = {10.1088/1748-0221/7/01/P01001},
  Eprint = {1109.6034},
  Journal = {JINST},
  Keywords = {HTTCited,CMSOther},
  Pages = {P01001},
  Primaryclass = {physics.ins-det},
  Title = {Performance of tau-lepton  
    reconstruction and identification in CMS},
  Volume = {7},
  Year = {2012}
}

@techreport{Khachatryan:2062435,
  title         = "{Reconstruction and identification of $\tau$ lepton decays
    to hadrons and $\nu_\tau$ at CMS}",
institution   = "CERN",
collaboration = "CMS",
address       = "Geneva",
number        = "arXiv:1510.07488. CMS-TAU-14-001. CERN-PH-EP-2015-261",
month         = "Oct",
year          = "2015",
reportNumber  = "arXiv:1510.07488",
url           = "https://cds.cern.ch/record/2062435",
note          = "Comments: Submitted to J. Instrum",
}


@article{HIG-13-004,
  Archiveprefix = {arXiv},
  Author = {Chatrchyan, Serguei and others},
  Collaboration = {CMS},
  Date-Added = {2014-07-24 08:06:02 +0000},
  Date-Modified = {2014-07-24 08:06:40 +0000},
  Doi = {10.1007/JHEP05(2014)104},
  Eprint = {1401.5041},
  Journal = {JHEP},
  Pages = {104},
  Primaryclass = {hep-ex},
  Reportnumber = {CMS-HIG-13-004,
    CERN-PH-EP-2014-001},
  Slaccitation = {%%CITATION = ARXIV:1401.5041;%%},
  Title = {{Evidence for the125 GeV Higgs boson decaying to a pair of $\tau$ leptons}},
  Volume = {1405},
  Year = {2014}
}

@article{TauPol,
  Author = {Bullock, B.K. and Hagiwara, Kaoru and Martin, Alan D.},
  Date-Added = {2014-02-19 19:12:36 +0000},
  Date-Modified = {2014-02-19 19:14:49 +0000},
  Doi = {10.1016/0550-3213(93)90045-Q},
  Journal = {Nucl. Phys. B},
  Keywords = {HTTCited,ObjOther},
  Pages = {499},
  Title = {{Tau polarization and its correlations
    as a probe of new physics}},
  Volume = {395},
  Year = {1993}
}

@article{CMS-PAS-JME-13-005,
  Collaboration = {CMS},
  Date-Added = {2014-02-19 19:06:46 +0000},
  Date-Modified = {2014-04-03 11:15:21 +0000},
  Journal = {CMS Physics Analysis Summary},
  Keywords = {HTTCited,CMSOther,Jets},
  Title = {Pileup Jet Identification},
  Url = {http://cdsweb.cern.ch/record/1581583},
  Volume = {CMS-PAS-JME-13-005},
  Year = {2013}
}

@article{LHC_machine,
  author={L. Evans and P. Bryant},
  title={LHC Machine},
  journal={JINST},
  volume={3},
  number={08},
  pages={S08001},
  doi="10.1088/1748-0221/3/08/S08001",
  year={2008},
  abstract={}
}

@book{lepdesign,
  title         = "{LEP design report, volume I: The LEP injector chain; LEP design report, volume II: The LEP Main Ring}",
  author        = "{{LEP Injector Study Group}}",
  publisher     = "CERN",
  address       = "Geneva",
  year          = "1983"
}

@article{AliceatLHC,
  author         = "{ALICE Collaboration}",
  title          = "{The ALICE experiment at the CERN LHC}",
  journal        = "JINST",
  volume         = "3",
  pages          = "S08002",
  doi            = "10.1088/1748-0221/3/08/S08002",
  year           = "2008",
}



@article{AtlasatLHC,
  author        ="{ATLAS Collaboration}",
  title         = "{The ATLAS Experiment at the CERN Large Hadron Collider}",
  journal       = "JINST",
  volume        = "3",
  pages         = "S08003",
  year          = "2008",
  doi="10.1088/1748-0221/3/08/S08003",
}

@article{CMSatLHC,
  collaboration         = "CMS",
  title          = "{The CMS experiment at the CERN LHC}",
  journal        = "JINST",
  volume         = "3",
  pages          = "S08004",
  doi            = "10.1088/1748-0221/3/08/S08004",
  year           = "2008",
  SLACcitation   = "%%CITATION = JINST,3,S08004;%%",
}

@article{LHCbatLHC,
  author         = "Alves, A. Augusto, Jr. and others",
  title          = "{The LHCb Detector at the LHC}",
  collaboration  = "LHCb",
  journal        = "JINST",
  volume         = "3",
  pages          = "S08005",
  doi            = "10.1088/1748-0221/3/08/S08005",
  year           = "2008",
  SLACcitation   = "%%CITATION = JINST,3,S08005;%%",
}


@article{PhysRevLett.100.120801,
  title = {New Measurement of the Electron Magnetic Moment and the Fine Structure Constant},
  author = {Hanneke, D. and Fogwell, S. and Gabrielse, G.},
  journal = {Phys. Rev. Lett.},
  volume = {100},
  issue = {12},
  pages = {120801},
  numpages = {4},
  year = {2008},
  month = {Mar},
  publisher = {American Physical Society},
  doi = {10.1103/PhysRevLett.100.120801},
  url = {http://link.aps.org/doi/10.1103/PhysRevLett.100.120801}
}

@article{PhysRev.96.191,
  title = {Conservation of Isotopic Spin and Isotopic Gauge Invariance},
  author = {Yang, C. N. and Mills, R. L.},
  journal = {Phys. Rev.},
  volume = {96},
  issue = {1},
  pages = {191--195},
  numpages = {0},
  year = {1954},
  month = {Oct},
  publisher = {American Physical Society},
  doi = {10.1103/PhysRev.96.191},
  url = {http://link.aps.org/doi/10.1103/PhysRev.96.191}
}

@article{Noether,
  author         = "Noether, Emmy",
  title          = "{Invariant Variation Problems}",
  journal        = "Gott. Nachr.",
  volume         = "1918",
  year           = "1918",
  pages          = "235-257",
  doi            = "10.1080/00411457108231446",
  note           = "[Transp. Theory Statist. Phys.1,186(1971)]",
  eprint         = "physics/0503066",
  archivePrefix  = "arXiv",
  primaryClass   = "physics",
  SLACcitation   = "%%CITATION = PHYSICS/0503066;%%"
}

@article{doi:10.1080/00411457108231446,
  author = { Emmy   Noether },
  title = {Invariant variation problems},
  journal = {Transport Theory and Statistical Physics},
  volume = {1},
  number = {3},
  pages = {186-207},
  year = {1971},
  doi = {10.1080/00411457108231446},
}

@misc{CMSLumiPublic,
  Collaboration = {CMS},
  Title = {CMS Luminosity - Public Results},
  howpublished = {\url{http://twiki.cern.ch/twiki/bin/view/CMSPublic/LumiPublicResults}}
}

@misc{CMSECALPublic,
  Collaboration = {CMS},
  Title = {CMS ECAL first results with 2016 data},
  howpublished = {\url{https://twiki.cern.ch/twiki/bin/view/CMSPublic/EcalDPGResultsCMSDPS2016031}}
}

@misc{CMSSMPPublic,
  Collaboration = {CMS},
  Title = {Summaries of CMS cross section measurements},
  howpublished = {\url{http://twiki.cern.ch/twiki/bin/view/CMSPublic/PhysicsResultsCombined}}
}

@misc{CMSSlice,
  Collaboration = {CMS},
  Title = {Interactive Slice of the CMS detector},
  howpublished = {CMS Document 4172-v2},
}



@misc{Stirlingppxs,
  Author = {W. J. Stirling},
  Title = {Private communication}
}

@misc{eleeff,
  Author = {L. Sani},
  Title = {Private communication},
}



@article{cmsschematic,
  Author = {T. Sakuma and T. McCauley},
  Title = {Detector and Event Visualization with SketchUp at the CMS Experiment},
  Journal = "J. Phys.: Conf. Ser.",
  Volume = "513",
  pages = "022032",
  doi = {10.1088/1742-6596/513/2/022032}
}

@article{PDGBooklet,
  author         = "Olive, K. A. and others",
  title          = "{Review of Particle Physics}",
  collaboration  = "Particle Data Group",
  journal        = "Chin. Phys.",
  volume         = "C38",
  year           = "2014",
  pages          = "090001",
  doi            = "10.1088/1674-1137/38/9/090001",
  SLACcitation   = "%%CITATION = CHPHD,C38,090001;%%"
}

@book{griffiths2008introduction,
  title={Introduction to Elementary Particles},
  author={Griffiths, D.},
  isbn={9783527406012},
  series={Physics textbook},
  url={https://books.google.co.uk/books?id=w9Dz56myXm8C},
  year={2008},
  publisher={Wiley}
}

@article{Salam:2009jx,
  author         = "Salam, Gavin P.",
  title          = "{Towards Jetography}",
  booktitle      = "{2008 CTEQ-MCnet Summer School on QCD Phenomenology and
    Monte Carlo Event Generators (MCnet 08) (CTEQ 08)
    Debrecen, Hungary, August 8-16, 2008}",
journal        = "Eur. Phys. J.",
volume         = "C67",
year           = "2010",
pages          = "637-686",
doi            = "10.1140/epjc/s10052-010-1314-6",
eprint         = "0906.1833",
archivePrefix  = "arXiv",
primaryClass   = "hep-ph",
SLACcitation   = "%%CITATION = ARXIV:0906.1833;%%"
}

@article{1126-6708-2008-04-063,
  author={Matteo Cacciari and Gavin P. Salam and Gregory Soyez},
  title={The anti-$k_{t}$ jet clustering algorithm},
  journal={JHEP},
  year={2008},
  volume={04},
  pages={063},
  url={http://stacks.iop.org/1126-6708/2008/i=04/a=063},
}

@techreport{ATL-PHYS-PUB-2011-011,
  title         = "{Procedure for the LHC Higgs boson search combination in
    summer 2011}",
institution   = "CERN",
address       = "Geneva",
number        = "ATL-PHYS-PUB-2011-011, CMS NOTE 2011/005",
month         = "Aug",
year          = "2011",
reportNumber  = "ATL-PHYS-PUB-2011-011",
url           = "https://cds.cern.ch/record/1375842",
}

@article{Cowan:2010js,
  author         = "Cowan, Glen and Cranmer, Kyle and Gross, Eilam and
    Vitells, Ofer",
  title          = "{Asymptotic formulae for likelihood-based tests of new
    physics}",
journal        = "Eur. Phys. J.",
volume         = "C71",
year           = "2011",
pages          = "1554",
doi            = "10.1140/epjc/s10052-011-1554-0,
10.1140/epjc/s10052-013-2501-z",
note           = "[Erratum: Eur. Phys. J. C73, (2013) 2501]",
eprint         = "1007.1727",
archivePrefix  = "arXiv",
primaryClass   = "physics.data-an",
SLACcitation   = "%%CITATION = ARXIV:1007.1727;%%"
}

%prompt chapter
@article{Chatrchyan:2014tja,
  author         = "Chatrchyan, Serguei and others",
  title          = "{Search for invisible decays of Higgs bosons in the
    vector boson fusion and associated ZH production modes}",
collaboration  = "CMS",
journal        = "Eur. Phys. J.",
volume         = "C74",
year           = "2014",
pages          = "2980",
doi            = "10.1140/epjc/s10052-014-2980-6",
eprint         = "1404.1344",
archivePrefix  = "arXiv",
primaryClass   = "hep-ex",
reportNumber   = "CMS-HIG-13-030, CERN-PH-EP-2014-051",
SLACcitation   = "%%CITATION = ARXIV:1404.1344;%%"
}

@article{Chatrchyan:1385560,
  author        = "Chatrchyan, Serguei and others",
  title         = "{Performance of $\tau$-lepton reconstruction and
    identification in CMS}",
journal       = "J. Instrum.",
collaboration = "CMS",
number        = "arXiv:1109.6034. CMS-TAU-11-001. CERN-PH-EP-2011-137",
volume        = "7",
pages         = "P01001. 33 p",
month         = "Sep",
year          = "2011",
reportNumber  = "arXiv:1109.6034",
url           = "https://cds.cern.ch/record/1385560",
}

%??minor background xs results
@article{CMS:2012fza,
  journal = "{CMS Physics Analysis Summary}",
  type = "{CMS Physics Analysis Summary}",
  title          = "{Top pair cross section in dileptons}",
  collaboration  = "CMS",
  year           = "2012",
  volume   = "CMS-PAS-TOP-12-007",
}

@article{CMS:2012iza,
  journal = "{CMS Physics Analysis Summary}",
  type = "{CMS Physics Analysis Summary}",
  title          = "{Measurement of the single-top t-channel cross section in
    pp collisions at centre-of-mass energy of 8 TeV}",
collaboration  = "CMS",
year           = "2012",
volume   = "CMS-PAS-TOP-12-011",
}

@article{CMS:2012zva,
  journal = "{CMS Physics Analysis Summary}",
  type = "{CMS Physics Analysis Summary}",
  title          = "{Measurement of WW production rate}",
  collaboration  = "CMS",
  year           = "2012",
  volume   = "CMS-PAS-SMP-12-013",
}

@article{CMS:2013qea,
  journal = "{CMS Physics Analysis Summary}",
  type = "{CMS Physics Analysis Summary}",
  title          = "{Measurement of WZ production rate}",
  collaboration  = "CMS",
  year           = "2013",
  volume   = "CMS-PAS-SMP-12-006",
}

@article{CMS:2013hea,
  journal = "{CMS Physics Analysis Summary}",
  type = "{CMS Physics Analysis Summary}",
  title          = "{Measurement of the ZZ production cross section and anomalous trilinear gauge couplings in lll'l' decays at $\sqrt{s} = 8\,$ TeV at the LHC}",
  collaboration  = "CMS",
  year           = "2013",
  volume   = "CMS-PAS-SMP-13-005",
}

@article{Chatrchyan2013190,
  title = "Measurement of the and \{ZZ\} production cross sections in pp collisions at ",
  journal = "Phys. Lett. B ",
  author= "{CMS Collaboration}",
  collaboration = "CMS",
  volume = "721",
  number = "4–5",
  pages = "190 - 211",
  year = "2013",
  note = "",
  issn = "0370-2693",
  doi = "/10.1016/j.physletb.2013.03.027",
  url = "http://www.sciencedirect.com/science/article/pii/S0370269313002529",
}

@article{Dittmaier:2011ti,
  Archiveprefix = {arXiv},
  Author = {{LHC Higgs Cross Section Working Group} and Dittmaier, S. and others},
  Eprint = {1101.0593},
  volume = {CERN-2011-002},
  doi            = "10.5170/CERN-2011-002",
  Primaryclass = {hep-ph},
  Title = {{Handbook of LHC Higgs Cross Sections: 1. Inclusive Observables}},
  Journal = {CERN Report},
  Url = {http://cdsweb.cern.ch/record/1318996},
  Year = {2011},
}

@article{Dittmaier:2012vm,
  Archiveprefix = {arXiv},
  Author = {{LHC Higgs Cross Section Working Group} and Dittmaier, S. and others},
  Eprint = {1201.3084},
  Type = "CERN Report",
  volume = {CERN-2012-002},
  doi            = "10.5170/CERN-2012-002",
  Primaryclass = {hep-ph},
  Slaccitation = {%%CITATION = ARXIV:1201.3084;%%},                                                                                                                                                                                    
  Title = {{Handbook of LHC Higgs Cross Sections: 2. Differential Distributions}},
  journal="CERN Report",
  Year = {2012},
  url = {https://cds.cern.ch/record/1416519}
}

@article{Heinemeyer:1559921,
  author        = {{LHC Higgs Cross Section Working Group} and Dittmaier, S. and others},
  title         = "{Handbook of LHC Higgs Cross Sections: 3. Higgs
    Properties: Report of the LHC Higgs Cross Section Working
    Group}",
journal = "CERN Report",
volume        = "CERN-2013-004",
year          = "2013",
eprint         = "1307.1347",
archivePrefix  = "arXiv",

}

@article{CMS-PAS-LUM-13-001,
  journal = "CMS Physics Analysis Summary",
  type = "CMS Physics Analysis Summary",
  COLLABORATION = "CMS",
  TITLE       = "{CMS} Luminosity Based on Pixel Cluster Counting -- {S}ummer 2013 Update",
  YEAR        = "2013",
  volume      = "CMS-PAS-LUM-13-001",
}


@INPROCEEDINGS{2003sppp.conf...35L,
  author = {{Linnemann}, J.},
  title = "{Measures of Significance in HEP and Astrophysics}",
  booktitle = {Statistical Problems in Particle Physics, Astrophysics, and Cosmology},
  year = 2003,
  eprint = {physics/0312059},
  editor = {{Lyons}, L. and {Mount}, R. and {Reitmeyer}, R.},
  pages = {35},
  adsurl = {http://adsabs.harvard.edu/abs/2003sppp.conf...35L},
  adsnote = {Provided by the SAO/NASA Astrophysics Data System}
}

@article{CMS-PAS-HIG-13-018,
  journal = "{CMS Physics Analysis Summary}",
  title         = "{Search for invisible Higgs produced in association with a
    Z boson}",
type = "{CMS Physics Analysis Summary}",
collaboration = "CMS",
year          = "2013",
volume  = "CMS-PAS-HIG-13-018",
}

@article{CMS-PAS-HIG-13-028,
  journal = "{CMS Physics Analysis Summary}",
  title         = "{Search for the Higgs boson decaying to invisible
    particles produced in
    association with Z bosons decaying
    to bottom
    quarks}",
type = "{CMS Physics Analysis Summary}",
collaboration = "CMS",
year          = "1900",
volume  = "CMS-PAS-HIG-13-028",
}

@article{CMS-PAS-EXO-12-055,
  journal = "{CMS Physics Analysis Summary}",
  title         = "{Search for New Physics in the V/jet + MET final state}",
  type = "{CMS Physics Analysis Summary}",
  collaboration = "CMS",
  year          = "2015",
  volume  = "CMS-PAS-EXO-12-055",
}

@article{CMS-PAS-HIG-15-012,
  journal       = "{CMS Physics Analysis Summary}",
  title         = "{A combination of searches for the invisible decays of the
    Higgs boson using the CMS detector}",
type = "{CMS Physics Analysis Summary}",
volume        = "CMS-PAS-HIG-15-012",
year          = "2015",
collaboration = "CMS",
}

@article{CMS-PAS-HIG-15-002,
  journal       = "{CMS Physics Analysis Summary}",
  title         = "{Measurements of the Higgs boson production and decay
    rates and constraints on its couplings from a combined
    ATLAS and CMS analysis of the LHC pp collision data at
    $\sqrt{s}$ = 7 and 8 TeV}",
type       = "{CMS Physics Analysis Summary}",
volume        = "CMS-PAS-HIG-15-002",
year          = "2015",
collaboration = "{CMS}",
}

@article{PhysRevLett.114.191803,
  title = {Combined Measurement of the Higgs Boson Mass in $pp$ Collisions at $\sqrt{s}=7$ and 8 TeV with the ATLAS and CMS Experiments},
  author = {{ATLAS Collaboration and CMS Collaboration}},
  journal = {Phys. Rev. Lett.},
  volume = {114},
  issue = {19},
  pages = {191803},
  numpages = {33},
  year = {2015},
  month = {May},
  publisher = {American Physical Society},
  doi = {10.1103/PhysRevLett.114.191803},
  url = {http://link.aps.org/doi/10.1103/PhysRevLett.114.191803}
}

@article{krauss-diag,
  Author = {F. Krauss},
  Journal = {{http://www.ippp.dur.ac.uk/\~krauss/Lectures/MonteCarlos/Pheno\_5\_08.pdf}},
  Month = {Accessed March},
  Title = {{Phenomenology at collider experiments}},
  Year = {2016}
}

@article{lhcexpschematic,
  Author = {{ATLAS collaboration}},
  Journal = {{http://atlas.ch/atlas\_photos/lhc/lhc\_03.html}},
  Month = {Accessed March},
  Title = {{ATLAS detector photos}},
  Year = {2016}
}

@article{Sjöstrand2008852,
  title = "A brief introduction to PYTHIA 8.1 ",
  journal = "Comput. Phys. Commun. ",
  volume = "178",
  number = "11",
  pages = "852 - 867",
  year = "2008",
  note = "",
  issn = "0010-4655",
  doi = "/10.1016/j.cpc.2008.01.036",
  url = "http://www.sciencedirect.com/science/article/pii/S0010465508000441",
  author = "Torbj{\"o}rn Sj{\"o}strand and Stephen Mrenna and Peter Skands",
  keywords = "Event generators",
  keywords = "Multiparticle production",
  keywords = "Parton showers",
  keywords = "Multiple interactions",
  keywords = "Hadronisation "
}

@Article{Alwall2014,
  author="Alwall, J.
    and Frederix, R.
    and Frixione, S.
    and Hirschi, V.
    and Maltoni, F.
    and Mattelaer, O.
    and Shao, H.-S.
    and Stelzer, T.
    and Torrielli, P.
    and Zaro, M.",
  title="The automated computation of tree-level and next-to-leading order differential cross sections, and their matching to parton shower simulations",
  journal="JHEP",
  year="2014",
  volume="2014",
  number="7",
  pages="1--157",
  issn="1029-8479",
  doi="10.1007/JHEP07(2014)079",
  url="http://dx.doi.org/10.1007/JHEP07(2014)079"
}

@article{Nason:2004rx,
  author         = "Nason, Paolo",
  title          = "{A New method for combining NLO QCD with shower Monte
    Carlo algorithms}",
  journal        = "JHEP",
  volume         = "11",
  year           = "2004",
  pages          = "040",
  doi            = "10.1088/1126-6708/2004/11/040",
  eprint         = "hep-ph/0409146",
  archivePrefix  = "arXiv",
  primaryClass   = "hep-ph",
  reportNumber   = "BICOCCA-FT-04-11",
  SLACcitation   = "%%CITATION = HEP-PH/0409146;%%"
}

@article{Frixione:2007vw,
  author         = "Frixione, Stefano and Nason, Paolo and Oleari, Carlo",
  title          = "{Matching NLO QCD computations with Parton Shower
    simulations: the POWHEG method}",
journal        = "JHEP",
volume         = "11",
year           = "2007",
pages          = "070",
doi            = "10.1088/1126-6708/2007/11/070",
eprint         = "0709.2092",
archivePrefix  = "arXiv",
primaryClass   = "hep-ph",
reportNumber   = "BICOCCA-FT-07-9, GEF-TH-21-2007",
SLACcitation   = "%%CITATION = ARXIV:0709.2092;%%"
}

@article{Alioli:2010xd,
  author         = "Alioli, Simone and Nason, Paolo and Oleari, Carlo and Re,
  Emanuele",
  title          = "{A general framework for implementing NLO calculations in
    shower Monte Carlo programs: the POWHEG BOX}",
journal        = "JHEP",
volume         = "06",
year           = "2010",
pages          = "043",
doi            = "10.1007/JHEP06(2010)043",
eprint         = "1002.2581",
archivePrefix  = "arXiv",
primaryClass   = "hep-ph",
reportNumber   = "DESY-10-018, SFB-CPP-10-22, IPPP-10-11, DCPT-10-22",
SLACcitation   = "%%CITATION = ARXIV:1002.2581;%%"
}

@article{PhysRevD.68.094021,
  title = {Next-to-leading order QCD predictions for $W+2$ jet and $Z+2$ jet production at the CERN LHC},
  author = {Campbell, John and Ellis, R. K. and Rainwater, D.},
  journal = {Phys. Rev. D},
  volume = {68},
  issue = {9},
  pages = {094021},
  numpages = {9},
  year = {2003},
  month = {Nov},
  publisher = {American Physical Society},
  doi = {10.1103/PhysRevD.68.094021},
  url = {http://link.aps.org/doi/10.1103/PhysRevD.68.094021}
}

@article{Baglio:2014uba,
  author         = "Baglio, J. and others",
  title          = "{Release Note - VBFNLO 2.7.0}",
  year           = "2014",
  eprint         = "1404.3940",
  archivePrefix  = "arXiv",
  primaryClass   = "hep-ph",
  reportNumber   = "FTUV-14-2903, IFIC-14-26, KA-TP-10-2014, LPN14-062,
  MAN-HEP-2014-03",
  SLACcitation   = "%%CITATION = ARXIV:1404.3940;%%"
}

@article{Arnold:2011wj,
  author         = "Arnold, K. and others",
  title          = "{VBFNLO: A Parton Level Monte Carlo for Processes with
    Electroweak Bosons -- Manual for Version 2.5.0}",
year           = "2011",
eprint         = "1107.4038",
archivePrefix  = "arXiv",
primaryClass   = "hep-ph",
reportNumber   = "KA-TP-15-2011, FTUV-11-0730, WUB-11-06,
FR-PHENO-2011-012, MZ-TH-11-19, CERN-PH-TH-2011-1,
LPN11-40, DESY-11-125, TTK-10-51, --MZ-TH-11-19,
CERN-PH-TH-2011-173, --MAN-HEP-2014-02",
SLACcitation   = "%%CITATION = ARXIV:1107.4038;%%"
}

@article{Arnold20091661,
  title = "VBFNLO: A parton level Monte Carlo for processes with electroweak bosons ",
  journal = "Comput. Phys. Commun. ",
  volume = "180",
  number = "9",
  pages = "1661 - 1670",
  year = "2009",
  note = "",
  issn = "0010-4655",
  doi = "/10.1016/j.cpc.2009.03.006",
  url = "http://www.sciencedirect.com/science/article/pii/S0010465509001027",
  author = "K. Arnold and M. Bähr and G. Bozzi and F. Campanario and C. Englert and T. Figy and N. Greiner and C. Hackstein and V. Hankele and B. Jäger and G. Klämke and M. Kubocz and C. Oleari and S. Plätzer and S. Prestel and M. Worek and D. Zeppenfeld",
  keywords = "\{NLO\} Monte Carlo program",
  keywords = "One-loop \{QCD\} corrections",
  keywords = "Electroweak bosons",
  keywords = "Hadronic collisions "
}

@article{PhysRevD.86.094034,
  title = {Combining QCD and electroweak corrections to dilepton production in the framework of the FEWZ simulation code},
  author = {Li, Ye and Petriello, Frank},
  journal = {Phys. Rev. D},
  volume = {86},
  issue = {9},
  pages = {094034},
  numpages = {12},
  year = {2012},
  month = {Nov},
  publisher = {American Physical Society},
  doi = {10.1103/PhysRevD.86.094034},
  url = {http://link.aps.org/doi/10.1103/PhysRevD.86.094034}
}

@article{Agostinelli2003250,
  title = "Geant4—a simulation toolkit ",
  journal = "Nucl. Instr. Meth. Phys. Res. A",
  volume = "506",
  number = "3",
  pages = "250 - 303",
  year = "2003",
  note = "",
  issn = "0168-9002",
  doi = "/10.1016/S0168-9002(03)01368-8",
  url = "http://www.sciencedirect.com/science/article/pii/S0168900203013688",
  author = "S. Agostinelli and J. Allison and K. Amako and J. Apostolakis and H. Araujo and P. Arce and M. Asai and D. Axen and S. Banerjee and G. Barrand and F. Behner and L. Bellagamba and J. Boudreau and L. Broglia and A. Brunengo and H. Burkhardt and S. Chauvie and J. Chuma and R. Chytracek and G. Cooperman and G. Cosmo and P. Degtyarenko and A. Dell'Acqua and G. Depaola and D. Dietrich and R. Enami and A. Feliciello and C. Ferguson and H. Fesefeldt and G. Folger and F. Foppiano and A. Forti and S. Garelli and S. Giani and R. Giannitrapani and D. Gibin and J.J. Gómez Cadenas and I. González and G. Gracia Abril and G. Greeniaus and W. Greiner and V. Grichine and A. Grossheim and S. Guatelli and P. Gumplinger and R. Hamatsu and K. Hashimoto and H. Hasui and A. Heikkinen and A. Howard and V. Ivanchenko and A. Johnson and F.W. Jones and J. Kallenbach and N. Kanaya and M. Kawabata and Y. Kawabata and M. Kawaguti and S. Kelner and P. Kent and A. Kimura and T. Kodama and R. Kokoulin and M. Kossov and H. Kurashige 
    and E. Lamanna and T. Lampén and V. Lara and V. Lefebure and F. Lei and M. Liendl and W. Lockman and F. Longo and S. Magni and M. Maire and E. Medernach and K. Minamimoto and P. Mora de Freitas and Y. Morita and K. Murakami and M. Nagamatu and R. Nartallo and P. Nieminen and T. Nishimura and K. Ohtsubo and M. Okamura and S. O'Neale and Y. Oohata and K. Paech and J. Perl and A. Pfeiffer and M.G. Pia and F. Ranjard and A. Rybin and S. Sadilov and E. Di Salvo and G. Santin and T. Sasaki and N. Savvas and Y. Sawada and S. Scherer and S. Sei and V. Sirotenko and D. Smith and N. Starkov and H. Stoecker and J. Sulkimo and M. Takahata and S. Tanaka and E. Tcherniaev and E. Safai Tehrani and M. Tropeano and P. Truscott and H. Uno and L. Urban and P. Urban and M. Verderi and A. Walkden and W. Wander and H. Weber and J.P. Wellisch and T. Wenaus and D.C. Williams and D. Wright and T. Yamada and H. Yoshida and D. Zschiesche",
  keywords = "Simulation",
  keywords = "Particle interactions",
  keywords = "Geometrical modelling",
  keywords = "Software engineering",
  keywords = "Object-oriented technology",
  keywords = "Distributed software development "
}

@Article{Favereau2014,
  author="Favereau, J.
    and Delaere, C.
    and Demin, P.
    and Giammanco, A.
    and Lema{\^i}tre, V.
    and Mertens, A.
    and Selvaggi, M.",
  title="DELPHES 3: a modular framework for fast simulation of a generic collider experiment",
  journal="JHEP",
  year="2014",
  volume="2014",
  number="2",
  pages="1--26",
  abstract="The version 3.0 of the Delphes fast-simulation is presented. The goal of Delphes is to allow the simulation of a multipurpose detector for phenomenological studies. The simulation includes a track propagation system embedded in a magnetic field, electromagnetic and hadron calorimeters, and a muon identification system. Physics objects that can be used for data analysis are then reconstructed from the simulated detector response. These include tracks and calorimeter deposits and high level objects such as isolated electrons, jets, taus, and missing energy. The new modular approach allows for greater flexibility in the design of the simulation and reconstruction sequence. New features such as the particle-flow reconstruction approach, crucial in the first years of the LHC, and pile-up simulation and mitigation, which is needed for the simulation of the LHC detectors in the near future, have also been implemented. The Delphes framework is not meant to be used for advanced detector studies, for which 
    more accurate tools are needed. Although some aspects of Delphes are hadron collider specific, it is flexible enough to be adapted to the needs of electron-positron collider experiments.                                                                                      ",
  issn="1029-8479",
  doi="10.1007/JHEP02(2014)057",
  url="http://dx.doi.org/10.1007/JHEP02(2014)057"
}

@article{CMS-PAS-HIG-14-038,
  title         = "{Search for invisible decays of Higgs bosons in the vector
    boson fusion production mode}",
  collaboration = "CMS",
  type          = "{CMS Physics Analyis Summary}",
  journal       = "{CMS Physics Analyis Summary}",
  year          = "2015",
  volume  = "CMS-PAS-HIG-14-038",
  url           = "https://cds.cern.ch/record/2007270",
}

@article{PhysRevD.88.116009,
  title = {Bounds on dark matter interactions with electroweak gauge bosons},
  author = {Cotta, R. C. and Hewett, J. L. and Le, M.-P. and Rizzo, T. G.},
  journal = {Phys. Rev. D},
  volume = {88},
  issue = {11},
  pages = {116009},
  numpages = {23},
  year = {2013},
  month = {Dec},
  publisher = {American Physical Society},
  doi = {10.1103/PhysRevD.88.116009},
  url = {http://link.aps.org/doi/10.1103/PhysRevD.88.116009}
}


@article{PhysRevD.91.015017,
  title = {Scalar simplified models for dark matter},
  author = {Buckley, Matthew R. and Feld, David and Gon\ifmmode \mbox{\c{c}}\else \c{c}\fi{}alves, Dorival},
  journal = {Phys. Rev. D},
  volume = {91},
  issue = {1},
  pages = {015017},
  numpages = {18},
  year = {2015},
  month = {Jan},
  publisher = {American Physical Society},
  doi = {10.1103/PhysRevD.91.015017},
  url = {http://link.aps.org/doi/10.1103/PhysRevD.91.015017}
}

@article{D'Ambrosio2002155,
  title = "Minimal flavour violation: an effective field theory approach ",
  journal = "Nucl. Phys. B ",
  volume = "645",
  number = "1–2",
  pages = "155 - 187",
  year = "2002",
  note = "",
  issn = "0550-3213",
  doi = "/10.1016/S0550-3213(02)00836-2",
  url = "http://www.sciencedirect.com/science/article/pii/S0550321302008362",
  author = "G. D'Ambrosio and G.F. Giudice and G. Isidori and A. Strumia"
}

@article{deVries:2015hva,
  author         = "de Vries, K. J. and others",
  title          = "{The pMSSM10 after LHC Run 1}",
  journal        = "Eur. Phys. J.",
  volume         = "C75",
  year           = "2015",
  number         = "9",
  pages          = "422",
  doi            = "10.1140/epjc/s10052-015-3599-y",
  eprint         = "1504.03260",
  archivePrefix  = "arXiv",
  primaryClass   = "hep-ph",
  reportNumber   = "KCL-PH-TH-2015-15, LCTS-2015-07, CERN-PH-TH-2015-066,
  DESY-15-046, FTPI-MINN-15-13, UMN-TH-3427-15,
  SLAC-PUB-16245, FERMILAB-PUB-15-100-CMS",
  SLACcitation   = "%%CITATION = ARXIV:1504.03260;%%"
}

@article{Czakon20142930,
  Author = {Micha{\l} Czakon and Alexander Mitov},
  Doi = {/10.1016/j.cpc.2014.06.021},
  Issn = {0010-4655},
  Journal = {Comput. Phys. Commun.},
  Keywords = {Hadron colliers},
  Number = {11},
  Pages = {2930 - 2938},
  Title = {Top++: A program for the calculation of the top-pair cross-section at hadron colliders},
  Url = {http://www.sciencedirect.com/science/article/pii/S0010465514002264},
  Volume = {185},
  Year = {2014},
  Bdsk-Url-1 = {http://www.sciencedirect.com/science/article/pii/S0010465514002264},
  Bdsk-Url-2 = {http://dx.doi.org/10.1016/j.cpc.2014.06.021}}

  @article{Chatrchyan201230,
    title = "Observation of a new boson at a mass of 125 GeV with the CMS experiment at the LHC ",
    journal = "Phys. Lett. B ",
    collaboration = "CMS",
    volume = "716",
    number = "1",
    pages = "30 - 61",
    year = "2012",
    note = "",
    issn = "0370-2693",
    doi = "/10.1016/j.physletb.2012.08.021",
    url = "http://www.sciencedirect.com/science/article/pii/S0370269312008581",
    keywords = "CMS",
    keywords = "Physics",
    keywords = "Higgs ",
  }

@article{ATLASHDisc,
  title = "Observation of a new particle in the search for the Standard Model Higgs boson with the ATLAS detector at the LHC ",
  journal = "Phys. Lett. B ",
  collaboration = "ATLAS",
  volume = "716",
  number = "1",
  pages = "1 - 29",
  year = "2012",
  note = "",
  issn = "0370-2693",
  doi = "/10.1016/j.physletb.2012.08.020",
  url = "http://www.sciencedirect.com/science/article/pii/S037026931200857X",
}

@article{PhysRevLett.81.1158,
  title = {Measurements of the Solar Neutrino Flux from Super-Kamiokande's First 300 Days},
  collaboration = {Super-Kamiokande},
  journal = {Phys. Rev. Lett.},
  volume = {81},
  issue = {6},
  pages = {1158--1162},
  numpages = {0},
  year = {1998},
  month = {Aug},
  publisher = {American Physical Society},
  doi = {10.1103/PhysRevLett.81.1158},
  url = {http://link.aps.org/doi/10.1103/PhysRevLett.81.1158}
}

@article{Khachatryan201464,
  title = "Constraints on the Higgs boson width from off-shell production and decay to Z-boson pairs ",
  journal = "Phys. Lett. B ",
  volume = "736",
  number = "",
  pages = "64 - 85",
  year = "2014",
  note = "",
  issn = "0370-2693",
  doi = "/10.1016/j.physletb.2014.06.077",
  url = "http://www.sciencedirect.com/science/article/pii/S0370269314004821",
  collaboration = "CMS",
  keywords = "CMS",
  keywords = "Physics",
  keywords = "Higgs",
  keywords = "Diboson",
  keywords = "Properties ",
}

@article{ourdmpaper,
  author         = "Brooke, James and Buckley, Matthew R. and Dunne, Patrick
    and Penning, Bjoern and Tamanas, John and Zgubic, Miha",
  title          = "{Vector Boson Fusion Searches for Dark Matter at the
    LHC}",
year           = "2016",
eprint         = "1603.07739",
archivePrefix  = "arXiv",
primaryClass   = "hep-ph",
SLACcitation   = "%%CITATION = ARXIV:1603.07739;%%"
}

@article{Read:2002hq,
  author         = "Read, Alexander L.",
  title          = "{Presentation of search results: The CL(s) technique}",
  booktitle      = "{Advanced Statistical Techniques in Particle Physics.
    Proceedings, Conference, Durham, UK, March 18-22, 2002}",
journal        = "J. Phys.",
volume         = "G28",
year           = "2002",
pages          = "2693-2704",
doi            = "10.1088/0954-3899/28/10/313",
note           = "[,11(2002)]",
SLACcitation   = "%%CITATION = JPAGA,G28,2693;%%"
}
@article{RichterPsi,
  title = "{Discovery of a Narrow Resonance in $e^+ e^-$ Annihilation}",
  author = "Augustin, J. E. and others",
  journal = "Phys. Rev. Lett.",
  volume = {33},
  issue = {23},
  pages = {1406--1408},
  numpages = {0},
  year = {1974},
  month = {Dec},
  publisher = {American Physical Society},
  doi = {10.1103/PhysRevLett.33.1406},
  url = {http://link.aps.org/doi/10.1103/PhysRevLett.33.1406}
}
@article{TingJ,
  title = "{Experimental Observation of a Heavy Particle $ {J} $}",
  author = {Aubert, J. J. and others},
  journal = {Phys. Rev. Lett.},
  volume = {33},
  issue = {23},
  pages = {1404--1406},
  numpages = {0},
  year = {1974},
  month = {Dec},
  publisher = {American Physical Society},
  doi = {10.1103/PhysRevLett.33.1404},
  url = {http://link.aps.org/doi/10.1103/PhysRevLett.33.1404}
}

@article{CMSDesign,
  author         = "Chatrchyan, S. and others",
  title          = "{The CMS experiment at the CERN LHC}",
  collaboration  = "CMS",
  journal        = "JINST",
  volume         = "3",
  pages          = "S08004",
  doi            = "10.1088/1748-0221/3/08/S08004",
  year           = "2008",
  SLACcitation   = "%%CITATION = JINST,3,S08004;%%",
}

@Article{tquarkDisc2,
  author        = "Abachi, S. and others",
  collaboration = "D0",
  title         = "{Observation of the top quark}",
  journal       = "Phys. Rev. Lett. ",
  volume        = "74",
  pages         = "2632-2637",
  year          = "1995",
  eprint        = "hep-ex/9503003",
  archivePrefix = "arXiv",
}

@Article{tquarkDisc1,
  author        = "Abe, F. and others",
  collaboration = "CDF",
  title         = "{Observation of top quark production in anti-p p collisions}",
  journal       = "Phys. Rev. Lett. ",
  volume        = "74",
  pages         = "2626-2631",
  year          = "1995",
  eprint        = "hep-ex/9503002",
  archivePrefix = "arXiv",
}

@Article{WDisc,
  author        = "Banner, M. and others",
  collaboration = "UA2",
  title         = "{Observation of single isolated electrons of high transverse momentum in events with missing transverse energy at the CERN $\bar{p}-p$ collider}",
  journal       = "Phys. Lett. ",
  volume        = "B122",
  pages         = "476-485",
  year          = "1983",
}

@Article{ZDisc,
  author        = "Arnison, G. and others",
  collaboration = "UA1",
  title         = "{Experimental observation of lepton pairs of invariant mass around $ 95 \, \text{GeV} $ at the CERN SPS collider}",
  journal       = "Phys. Lett. ",
  volume        = "B126",
  pages         = "398-410",
  year          = "1983",
}

@article{bquarkDisc,
  author        = "Herb, S. W.  and others",
  title         = "{Observation of a dimuon resonance at 9.5-GeV in 400-GeV proton - nucleus collisions}",
  journal       = "Phys. Rev. Lett. ",
  volume        = "39",
  pages         = "252-255",
  year          = "1977",
}



@article{TauDisc,
  author        = "Perl, M. L. and others",
  title         = "{Evidence for anomalous lepton production in $e^+$ $e^-$ annihilation}",
  journal       = "Phys. Rev. Lett. ",
  volume        = "35",
  pages         = "1489-1492",
  year          = "1975",
}


@phdthesis{Egede,
  author        = "Egede, U.",
  title         = "{The search for a Standard Model Higgs at the LHC and
    electron identification using transition radiation in the
    ATLAS tracker}",
school        = "Lund U.",
address       = "Lund",
year          = "1998",
note          = "Presented on 16 Jan 1998",
}
@article{H_XS1,
  author         = "Dittmaier, S. and others",
  title          = "{Handbook of LHC Higgs Cross Sections: 1. Inclusive
    Observables}",
collaboration  = "LHC Higgs Cross Section Working Group",
doi            = "10.5170/CERN-2011-002",
year           = "2011",
eprint         = "1101.0593",
archivePrefix  = "arXiv",
primaryClass   = "hep-ph",
number   = "arXiv:1101.0593. CERN-2011-002",
SLACcitation   = "%%CITATION = ARXIV:1101.0593;%%",
}


@Article{HDisc,
  author        = "Chatrchyan, S. and others",
  collaboration = "CMS",
  title         = "{Observation of a new boson with mass near 125 GeV in pp collisions at $\sqrt{s}$ = 7 and 8 TeV}",
  journal       = "JHEP",
  volume        = "06",
  pages         = "081",
  year          = "2013",
  eprint        = "1303.45:71",
  archivePrefix = "arXiv",
  primaryClass  = "hep-ex",
}

@article{H_XS2,
  author        = "Dittmaier, S. and others",

  title         = "{Handbook of LHC Higgs Cross Sections: 2. Differential
    Distributions}",
collaboration = "LHC Higgs Cross Section Working Group",
address       = "Geneva",
number        = "arXiv:1201.3084. CERN-2012-002",
year          = "2012",
}


@article{Seez,
  author         = "Seez, C. J. and others",
  title          = "{Photon decay modes of the intermediate mass Higgs}",
  collaboration  = "ECFA Higgs Working Group",
  journal        = "Conf. Proc. ",
  volume         = "C901004",
  pages          = "474-487",
  year           = "1990",
  SLACcitation   = "%%CITATION = CONFP,C901004,474;%%",
}

@article{HSearch,
  author         = "Chatrchyan, S and others",
  title          = "{Search for the standard model Higgs boson decaying into
    two photons in $pp$ collisions at $\sqrt{s}=7$ TeV}",
collaboration  = "CMS",
journal        = "Phys. Lett. ",
volume         = "B710",
pages          = "403-425",
doi            = "10.1016/j.physletb.2012.03.003",
year           = "2012",
eprint         = "1202.1487",
archivePrefix  = "arXiv",
primaryClass   = "hep-ex",
reportNumber   = "CMS-HIG-11-033, CERN-PH-EP-2012-024",
SLACcitation   = "%%CITATION = ARXIV:1202.1487;%%",
}

@article{GIM,
  title = "{Weak Interactions with Lepton-Hadron Symmetry}",
  author = {Glashow, S. L. and Iliopoulos, J. and Maiani, L.},
  journal = {Phys. Rev. },
  volume = {D2},
  issue = {7},
  pages = {1285--1292},
  numpages = {0},
  year = {1970},
  month = {Oct},
  publisher = {American Physical Society},
  doi = {10.1103/PhysRevD.2.1285},
  url = {http://link.aps.org/doi/10.1103/PhysRevD.2.1285}
}
@article{Salam,
  author         = "Salam, A.",
  title          = "{Weak and Electromagnetic Interactions}",
  journal        = "Conf. Proc. ",
  volume         = "C680519",
  pages          = "367-377",
  year           = "1968",
  SLACcitation   = "%%CITATION = CONFP,C680519,367;%%",
}

@article{Weinberg,
  title = "{A Model of Leptons}",
  author = {Weinberg, S.},
  journal = {Phys. Rev. Lett. },
  volume = {19},
  issue = {21},
  pages = {1264--1266},
  numpages = {0},
  year = {1967},
  month = {Nov},
  publisher = {American Physical Society},
  doi = {10.1103/PhysRevLett.19.1264},
  url = {http://link.aps.org/doi/10.1103/PhysRevLett.19.1264}
}

@article{BroutEnglert,
  title = {Broken Symmetry and the Mass of Gauge Vector Mesons},
  author = {Englert, F. and Brout, R.},
  journal = {Phys. Rev. Lett. },
  volume = {13},
  issue = {9},
  pages = {321--323},
  numpages = {0},
  year = {1964},
  month = {Aug},
  publisher = {American Physical Society},
  doi = {10.1103/PhysRevLett.13.321},
  url = {http://link.aps.org/doi/10.1103/PhysRevLett.13.321}
}

@article{Higgs1,
  abstract = {Not Available},
  added-at = {2007-09-22T20:12:41.000+0200},
  author = {Higgs, P. W.},
  biburl = {http://www.bibsonomy.org/bibtex/29d10ab44ba275bcd0a6553ae628234c0/stuartw},
  citeulike-article-id = {918519},
  date-added = {2006-11-01 13:16:32 +0000},
  date-modified = {2007-03-26 15:09:52 +0100},
  doi = {10.1016/0031-9163(64)91136-9},
  interhash = {8b511c2addba2018cabe8697208c5f6a},
  intrahash = {9d10ab44ba275bcd0a6553ae628234c0},
  journal = {Phys. Lett. },
  keywords = {higgs},
  month = {September},
  pages = {132--133},
  priority = {2},
  timestamp = {2007-09-22T20:12:41.000+0200},
  title = {Broken symmetries, massless particles and gauge fields},
  url = {http://dx.doi.org/10.1016/0031-9163(64)91136-9},
  volume = 12,
  year = 1964
}

@article{Higgs2,
  title = {Broken Symmetries and the Masses of Gauge Bosons},
  author = {Higgs, P. W.},
  journal = {Phys. Rev. Lett. },
  volume = {13},
  issue = {16},
  pages = {508--509},
  numpages = {0},
  year = {1964},
  month = {Oct},
  publisher = {American Physical Society},
  doi = {10.1103/PhysRevLett.13.508},
  url = {http://link.aps.org/doi/10.1103/PhysRevLett.13.508}
}


@article{Kibble1,
  title = {Global Conservation Laws and Massless Particles},
  author = {Guralnik, G. S. and Hagen, C. R. and Kibble, T. W. B.},
  journal = {Phys. Rev. Lett. },
  volume = {13},
  issue = {20},
  pages = {585--587},
  numpages = {0},
  year = {1964},
  month = {Nov},
  publisher = {American Physical Society},
  doi = {10.1103/PhysRevLett.13.585},
  url = {http://link.aps.org/doi/10.1103/PhysRevLett.13.585}
}

@article{Higgs3,
  title = {Spontaneous Symmetry Breakdown without Massless Bosons},
  author = {Higgs, P. W.},
  journal = {Phys. Rev. },
  volume = {145},
  issue = {4},
  pages = {1156--1163},
  numpages = {0},
  year = {1966},
  month = {May},
  publisher = {American Physical Society},
  doi = {10.1103/PhysRev.145.1156},
  url = {http://link.aps.org/doi/10.1103/PhysRev.145.1156}
}

@article{Kibble2,
  title = {Symmetry Breaking in Non-Abelian Gauge Theories},
  author = {Kibble, T. W. B.},
  journal = {Phys. Rev. },
  volume = {155},
  issue = {5},
  pages = {1554--1561},
  numpages = {0},
  year = {1967},
  month = {Mar},
  publisher = {American Physical Society},
  doi = {10.1103/PhysRev.155.1554},
  url = {http://link.aps.org/doi/10.1103/PhysRev.155.1554}
}


@article{CMSHDisc,
  author         = "Chatrchyan, S. and others",
  title          = "{Observation of a new boson at a mass of 125 GeV with the
    CMS experiment at the LHC}",
collaboration  = "CMS",
journal        = "Phys. Lett. ",
volume         = "B716",
pages          = "30-61",
doi            = "10.1016/j.physletb.2012.08.021",
year           = "2012",
eprint         = "1207.7235",
archivePrefix  = "arXiv",
primaryClass   = "hep-ex",
reportNumber   = "CMS-HIG-12-028, CERN-PH-EP-2012-220",
SLACcitation   = "%%CITATION = ARXIV:1207.7235;%%",
}

@article{TauNuDisc,
  author         = "Kodama, K. and others",
  title          = "{Observation of tau neutrino interactions}",
  collaboration  = "DONUT Collaboration",
  journal        = "Phys. Lett. ",
  volume         = "B504",
  pages          = "218-224",
  doi            = "10.1016/S0370-2693(01)00307-0",
  year           = "2001",
  eprint         = "hep-ex/0012035",
  archivePrefix  = "arXiv",
  primaryClass   = "hep-ex",
  reportNumber   = "FERMILAB-PUB-00-335-E",
  SLACcitation   = "%%CITATION = HEP-EX/0012035;%%",
}


@ARTICLE{Gluon1,
  author = "Brandelik, R. and others",
  title = "{Evidence for planar events in e$^{+}$e$^{-}$ annihilation at high energies}",
  journal = {Phys. Lett. B },
  year = 1979,
  month = sep,
  volume = 86,
  pages = {243-249},
  doi = {10.1016/0370-2693(79)90830-X},
  adsurl = {http://adsabs.harvard.edu/abs/1979PhLB...86..243B},
  adsnote = {Provided by the SAO/NASA Astrophysics Data System}
}


@ARTICLE{Gluon2,
  author = "Barber, D.~P. and others",
  title = "{Discovery of Three-Jet Events and a Test of Quantum Chromodynamics at PETRA}",
  journal = {Phys. Rev. Lett. },
  year = 1979,
  month = sep,
  volume = 43,
  pages = {830-833},
  doi = {10.1103/PhysRevLett.43.830},
  adsurl = {http://adsabs.harvard.edu/abs/1979PhRvL..43..830B},
  adsnote = {Provided by the SAO/NASA Astrophysics Data System}
}

@ARTICLE{Gluon3,
  author = "Berger, C. and others",
  title = "{Evidence for gluon bremsstrahlung in e$^{+}$e$^{-}$ annihilations at high energies}",
  journal = {Phys. Lett. B },
  year = 1979,
  month = oct,
  volume = 86,
  pages = {418-425},
  doi = {10.1016/0370-2693(79)90869-4},
  adsurl = {http://adsabs.harvard.edu/abs/1979PhLB...86..418B},
  adsnote = {Provided by the SAO/NASA Astrophysics Data System}
}
@book{CMSTDR,
  title         = "{CMS Physics: Technical Design Report Volume 1: Detector
    Performance and Software}",
publisher     = "CERN",
collaboration = "CMS",
address       = "Geneva",
series        = "Technical Design Report CMS",
year          = "2006",
}


@article{Hierarchy,
  author         = "Martin, S. P.",
  title          = "{A Supersymmetry primer}",
  year           = "1997",
  journal  ="Kane, G.L. (ed.): Perspectives on supersymmetry II",
  number = {arXiv:hep-ph/9709356},
  eprint         = "hep-ph/9709356",
  archivePrefix  = "arXiv",
  primaryClass   = "hep-ph",
  SLACcitation   = "%%CITATION = HEP-PH/9709356;%%",
}


@article{Asymmetry,
  author         = "Sarkar, U.",
  title          = "{Particle and astroparticle physics}",
  journal      = "Taylor and  Francis",
  year           = "2008",
  SLACcitation   = "%%CITATION = INSPIRE-1217913;%%",
}



@ARTICLE{DayaBay,
  author = "An, F.~P. and Bai, J.~Z. and Balantekin, A.~B. and others",
  title = "{Observation of Electron-Antineutrino Disappearance at Daya Bay}",
  journal = {Phys. Rev. Lett. },
  archivePrefix = "arXiv",
  eprint = {1203.1669},
  primaryClass = "hep-ex",
  keywords = {Neutrino mass and mixing},
  year = 2012,
  month = apr,
  volume = 108,
  number = 17,
  eid = {171803},
  pages = {171803},
  doi = {10.1103/PhysRevLett.108.171803},
  adsurl = {http://adsabs.harvard.edu/abs/2012PhRvL.108q1803A},
  adsnote = {Provided by the SAO/NASA Astrophysics Data System}
}

@ARTICLE{SNO,
  author = "Ahmad, Q.~R. and Allen, R.~C. and Andersen, T.~C. and others",
  title = "{Measurement of the Rate of $\nu_{e} + d \rightarrow  p + p + e^{-}$ Interactions Produced by $^{8}$B Solar Neutrinos at the Sudbury Neutrino Observatory}",
  journal = {Phys. Rev. Lett. },
  eprint = {nucl-ex/0106015},
  year = 2001,
  month = aug,
  volume = 87,
  number = 7,
  eid = {071301},
  pages = {071301},
  doi = {10.1103/PhysRevLett.87.071301},
  adsurl = {http://adsabs.harvard.edu/abs/2001PhRvL..87g1301A},
  adsnote = {Provided by the SAO/NASA Astrophysics Data System}
}

@article{ECAL2012,
  author         = "De Guio, Federico",
  title          = "{Performance of the CMS electromagnetic calorimeter and
    its role in the hunt for the Higgs boson in the two-photon
    channel}",
collaboration  = "CMS",
journal        = "J.Phys.Conf.Ser. ",
volume         = "455",
pages          = "012028",
doi            = "10.1088/1742-6596/455/1/012028",
year           = "2013",
SLACcitation   = "%%CITATION = 00462,455,012028;%%",
}
@ARTICLE{SuperK,
  author = "Fukuda, Y. and Hayakawa, T. and Ichihara, E. and others",
  title = "{Evidence for Oscillation of Atmospheric Neutrinos}",
  journal = {Phys. Rev. Lett. },
  eprint = {hep-ex/9807003},
  year = 1998,
  month = aug,
  volume = 81,
  pages = {1562-1567},
  doi = {10.1103/PhysRevLett.81.1562},
  adsurl = {http://adsabs.harvard.edu/abs/1998PhRvL..81.1562F},
  adsnote = {Provided by the SAO/NASA Astrophysics Data System}
}

@Article{DM,
  author = "Ade, P.~A.~R. and Aghanim, N. and Armitage-Caplan, C. and others",
  title = "{Planck 2013 results. I. Overview of products and scientific results}",
  number = {arXiv:1303.5062},
  primaryClass = "astro-ph.CO",
  keywords = {Astrophysics - Cosmology and Extragalactic Astrophysics},
  year = 2013,
  month = mar,
  adsurl = {http://adsabs.harvard.edu/abs/2013arXiv1303.5062P},
  adsnote = {Provided by the SAO/NASA Astrophysics Data System}
}
@article{H_XS3,
  author = "Heinemeyer, S. and Mariotti, C. and Passarino, G. and others",
  title   = "{Handbook of LHC Higgs Cross Sections: 3. Higgs
    Properties}",
collaboration = "LHC Higgs Cross Section Working Group",
address       = "Geneva",
number        = "arXiv:1307.1347. CERN-2013-004",
year          = "2013",
}
@article{BDT,
  title = "Boosted decision trees as an alternative to artificial neural networks for particle identification ",
  journal = "Nucl. Inst. Meth. ",
  volume = "A543",
  number = "2–3",
  pages = "577 - 584",
  year = "2005",
  note = "",
  issn = "0168-9002",
  doi = "http://dx.doi.org/10.1016/j.nima.2004.12.018",
  url = "http://www.sciencedirect.com/science/article/pii/S0168900205000355",
  author = "Byron P. Roe and Hai-Jun Yang and Ji Zhu and Yong Liu and Ion Stancu and Gordon McGregor",
  keywords = "Boosted decision trees",
  keywords = "Artificial neural network",
  keywords = "Particle identification",
  keywords = "Neutrino oscillations",
  keywords = "MiniBooNE "
}
@book{CMSSW,
  author        = "Bayatian, G. L. and Chatrchyan, S. and Hmayakyan, G. and others",
  title         = "{CMS Physics: Technical Design Report Volume 1: Detector
    Performance and Software}",
publisher     = "CERN",
collaboration = "CMS",
address       = "Geneva",
series        = "Technical Design Report CMS",
year          = "2006",
}


@book{CMSEcalTDR,
  title         = "{The CMS electromagnetic calorimeter project: Technical
    Design Report}",
publisher     = "CERN",
collaboration = "CMS",
address       = "Geneva",
series        = "Technical Design Report CMS",
year          = "1997",
}

@book{cmsHcal,
  title         = "{The CMS hadron calorimeter project: Technical Design
    Report}",
publisher     = "CERN",
author = "{CMS Collaboration}",
address       = "Geneva",
series        = "Technical Design Report CMS",
year          = "1997",
}

@book{cmsMuon,
  title         = "{The CMS muon project: Technical Design Report}",
  publisher     = "CERN",
  collaboration = "CMS",
  address       = "Geneva",
  series        = "Technical Design Report CMS",
  year          = "1997",
}

@article{ecalShower,

  title ="{A Review of clustering algoritms and energy corrections
    in the Electromagnetic Calorimeter}",
journal = "CERN",
collaboration = "CMS",
author ="Anderson, M. and others",
Volume = "CMS Internal Note",
year = "2010/008",
}

@article{particleFlow,

  title ="{Particle–Flow Event Reconstruction in CMS
    and Performance for Jets, Taus, and MET}",
journal = "CERN",
author = "CMS Collaboration",
Volume = "CMS Physics Analysis Summary",
year = "PFT-09-001",
}

@inproceedings{root,
  author="Brun, R. and Rademakers, F.",
  title="ROOT - An Object Oriented Data Analysis Framework",
  Month=" September",
  year="1996",
  booktitle="Proceedings AIHENP'96 Workshop, Lausanne",
  journal="Phys. Res. A ",
  volume="389 (1997) 81-86",
  note="See also http://root.cern.ch/",
}
@misc{ecalelf,
  title="ECALELF Twiki page",
  author="Nourbakhsh, S. and others",
  howpublished={\url{https://twiki.cern.ch/twiki/bin/viewauth/CMS/ECALELF}},

}


@misc{globe,
  title="h2gglobe Twiki page",
  author="Musella, P. and others",
  howpublished={\url{https://twiki.cern.ch/twiki/bin/viewauth/CMS/Higgs2GAnalyzer}},

}
@misc{crystalball,
  howpublished={\url{http://en.wikipedia.org/wiki/Crystal_Ball_function}},

}

@misc{bernstein,
  howpublished={\url{http://en.wikipedia.org/wiki/Bernstein_polynomial}},

}

@misc{ntuple,
  howpublished={\url{http://root.cern.ch/root/html/TNtuple.html}},

}

@misc{TTree,
  howpublished={\url{http://root.cern.ch/root/html/TTree.html}},

}

@phdthesis{shervin,
  author        = "Nourbakhsh, S.",
  title         = "{Search for the Higgs boson in the two photon final state}",
  school        = "Universita di Roma (Sapienza)",
  address       = "Rome",
  year          = "2013",
}


@article{Phase2Upg_2,
  author         = "Bilki, Burak",
  title          = "{CMS Forward Calorimetry R\&D for Phase II Upgrade}",
  collaboration  = "CMS",
  journal        = "PoS ",
  volume         = "TIPP2014",
  pages          = "100",
  year           = "2015",
}

@article{Phase2Upg,
  author         = "Bilki, B.",
  title          = "{CMS Forward Calorimeters Phase II Upgrade}",
  collaboration  = "CMS",
  journal        = "J. Phys. Conf. Ser. ",
  number         = "1",
  volume         = "587",
  pages          = "012014",
  doi            = "10.1088/1742-6596/587/1/012014",
  year           = "2015",
  SLACcitation   = "%%CITATION = 00462,587,012014;%%",
}

@article{Pythia8,
  author         = "Sjostrand, Torbjorn and Mrenna, Stephen and Skands, Peter Z.",
  title          = "{A Brief Introduction to PYTHIA 8.1}",
  journal        = "Comput. Phys. Commun. ",
  volume         = "178",
  pages          = "852-867",
  doi            = "10.1016/j.cpc.2008.01.036",
  year           = "2008",
}


@misc{Roger,
  title="A High Granularity Calorimeter for {CMS}",
  author="Rusack, R.",
  howpublished={\url{https://agenda.linearcollider.org/event/6341/session/6/contribution/49/material/slides/1.pdf}},
}


@article{tp0,
  title="{Technical Proposal for the Phase-II Upgrade of the Compact Muon Solenoid}",
  author="CMS Collaboration",
  journal={\url{CERN-LHCC-2015-XXX}},
}
@book{tp,
  author        = "{CMS Collaboration}",
  collaboration  = "CMS",
  title         = "{Technical Proposal for the Phase-II Upgrade of the CMS
    Detector}",
institution   = "CERN",
address       = "Geneva",
number        = "CERN-LHCC-2015-010. LHCC-P-008",
month         = "Jun",
year          = "2015",
reportNumber  = "CERN-LHCC-2015-010",
url           = "http://cds.cern.ch/record/2020886",
}

@misc{Christiane:1260465,
  author        = "Christiane Lef\`evre",
  title         = "{The CERN accelerator complex. Complexe des
    acc\'el\'erateurs du CERN.}",
month         = "Dec",
year          = "2008",
reportNumber  = "CERN-DI-0812015",
url           = "https://cds.cern.ch/record/1260465",
}
@book{CMSTrackerTDR,
  title         = "{The CMS tracker system project: Technical Design Report}",
  publisher     = "CERN",
  collaboration = "CMS",
  address       = "Geneva",
  series        = "Technical Design Report CMS",
  year          = "1997",
  url           = "https://cds.cern.ch/record/368412",
}

@book{Thomson:2013zua,
  author         = "Thomson, Mark",
  title          = "{Modern particle physics}",
  publisher      = "Cambridge University Press",
  address        = "New York",
  year           = "2013",
  url            = "http://www-spires.fnal.gov/spires/find/books/www?cl=QC793.2.T46::2013",
  ISBN           = "9781107034266",
  SLACcitation   = "%%CITATION = INSPIRE-1326857;%%"
}
